@article{rossler2010runge,
  title={Runge--Kutta methods for the strong approximation of solutions of stochastic differential equations},
  author={R{\"o}{\ss}ler, Andreas},
  journal={SIAM Journal on Numerical Analysis},
  volume={48},
  number={3},
  pages={922--952},
  year={2010},
  publisher={SIAM}
}

@article{Vennin:2015hra,
      author         = "Vennin, Vincent and Starobinsky, Alexei A.",
      title          = "{Correlation Functions in Stochastic Inflation}",
      journal        = "Eur. Phys. J.",
      volume         = "C75",
      year           = "2015",
      pages          = "413",
      doi            = "10.1140/epjc/s10052-015-3643-y",
      eprint         = "1506.04732",
      archivePrefix  = "arXiv",
      primaryClass   = "hep-th",
      SLACcitation   = "%%CITATION = ARXIV:1506.04732;%%"
}

